<?xml version="1.0" encoding="UTF-8"?><collection xmlns="http://www.loc.gov/MARC21/slim"><record><leader>00318nam--2200121-i-4500</leader><controlfield tag="001">000046061</controlfield><controlfield tag="002">20161230</controlfield><controlfield tag="005">20161230201045</controlfield><controlfield tag="008">060222s1000------------r-----000-0-eng-d</controlfield><datafield ind1=" " ind2=" " tag="080"><subfield code="a">061.62(047:41-4):621.039(047:41-4)</subfield></datafield><datafield ind1=" " ind2=" " tag="245"><subfield code="a">United kingdom atomic energy authority atom</subfield></datafield><datafield ind1=" " ind2=" " tag="260"><subfield code="a">London, Ukaea, 1966</subfield></datafield><datafield ind1=" " ind2=" " tag="852"><subfield code="a">12695</subfield></datafield></record></collection>